@misc{
	Koulaxidis-BOT,
	author = "Georgios Koulaxidis and Stelios Xinogalos",
	title = "Improving Mobile Game Performance with Basic Optimization Techniques in Unity",
	howpublished = "https://www.mdpi.com/2673-3951/3/2/14/htm"
}

@misc {
	venturebeat-revenue,
	author = "Stephanie Chan",
	title = "Mobile game revenue finally surpasses PC and consoles",
	howpublished = "https://venturebeat.com/games/mobile-game-revenue-finally-surpasses-pc-and-consoles/"
}

@misc {
	unity-talk-optimization,
	author = "Ian Dundore",
	title = " Unite 2016 - Let's Talk (Content) Optimization ",
	howpublished = "https://www.youtube.com/watch?v=n-oZa4Fb12U"
}

@misc {
	polygons,
	author = "Per Christensson",
	title = "Why are polygons used in 3D graphics",
	howpublished = "https://pc.net/helpcenter/answers/polygons\_in\_3d\_graphics"
}

@misc {
	Blender,
	title = "Blender",
	howpublished = "https://www.blender.org/"
}

@book{
	AversaAndDickinson:UGO,
	author = "Dr. Davide Aversa a Chris Dickinson",
	title = "Unity Game Optimization Third Edition",
	publisher = " Packt Publishing Ltd",
	year = 2019
}

@misc {
	Unity,
	title = "Unity",
	howpublished = "https://unity.com/"
}